@misc{methodmails,
    author = {},
    title = {[css-d] CSS Methodologies},
    howpublished = {\url{http://archivist.incutio.com/viewlist/css-discuss/28720}},
    month = {},
    year = {},
    note = {(Visited on 01/18/2016)}
}

@misc{selectorperformance,
    author = {},
    title = {Performance Impact of CSS Selectors | High Performance Web Sites},
    howpublished = {\url{http://www.stevesouders.com/blog/2009/03/10/performance-impact-of-css-selectors/}},
    month = {},
    year = {},
    note = {(Visited on 01/23/2016)}
}

@article{coplienpatterns,
  title={Software patterns},
  author={Coplien, James O and Alexander, A Word On},
  year={1996},
  publisher={Citeseer}
}

@misc{cssscopingmodule,
    author = {},
    title = {CSS Scoping Module Level 1},
    howpublished = {\url{https://drafts.csswg.org/css-scoping/}},
    month = {},
    year = {},
    note = {(Visited on 01/24/2016)}
}

@misc{styletag,
    author = {},
    title = {style â€“ style (presentation) information - HTML5},
    howpublished = {\url{http://w3c.github.io/html-reference/style.html}},
    organization    = {W3C},
    month = {},
    year = {},
    note = {(Visited on 01/24/2016)}
}

@misc{sixrevisionsarticle,
    author = {Potts, Kieran},
    title = {A Look at Some CSS Methodologies},
    howpublished = {\url{http://sixrevisions.com/css/css-methodologies/}},
    month = {},
    year = {},
    note = {(Visited on 01/24/2016)}
}

@misc{dzoneatomic,
    author = {Pugh, Brian},
    title = {Atomic CSS as a Tool Set - DZone Java},
    howpublished = {\url{https://dzone.com/articles/atomic-css-tool-set}},
    month = {},
    year = {},
    note = {(Visited on 01/25/2016)}
}

@misc{mediaqueries,
    author = {},
    title = {Media Queries},
    howpublished = {\url{https://www.w3.org/TR/css3-mediaqueries/}},
    organization    = {W3C},
    month = {},
    year = {},
    note = {(Visited on 02/03/2016)}
}

@misc{mpgcss,
    author = {Escalante, Jeff},
    title = {MPG CSS},
    howpublished = {\url{http://markup.im/#rc6E3Rdg}},
    month = {},
    year = {},
    note = {(Visited on 02/03/2016)}
}
